@book{Ogata:2001aa,
	Author = {Katsuhiko Ogata},
	Date-Added = {2010-11-17 12:19:23 -0500},
	Date-Modified = {2010-11-17 12:24:46 -0500},
	Edition = {4th},
	Publisher = {Prentice-Hall, Inc.},
	Title = {Modern Control Engineering},
	Year = {2001}}

@article{Marshall:2004aa,
	Author = {Joshua A. Marshall and Mirelle E. Broucke and Bruce A. Francis},
	Date-Added = {2010-11-17 12:17:33 -0500},
	Date-Modified = {2010-11-17 12:22:15 -0500},
	Journal = {IEEE Transactions on Automatic Control},
	Month = {November},
	Number = {11},
	Pages = {1963-1974},
	Title = {Formations of vehicles in cyclic pursuit},
	Volume = {49},
	Year = {2004}}
